%% This BibTeX bibliography file was created using BibDesk.
%% https://bibdesk.sourceforge.io/

%% Created for Jerzy Baranowski at 2022-03-14 11:56:17 +0100 


%% Saved with string encoding Unicode (UTF-8) 



@book{box2011bayesian,
	author = {Box, G.E.P. and Tiao, G.C.},
	date-added = {2022-03-14 11:56:16 +0100},
	date-modified = {2022-03-14 11:56:16 +0100},
	isbn = {9781118031445},
	lccn = {92003745},
	publisher = {Wiley},
	series = {Wiley Classics Library},
	title = {Bayesian Inference in Statistical Analysis},
	url = {https://books.google.pl/books?id=T8Askeyk1k4C},
	year = {2011},
	bdsk-url-1 = {https://books.google.pl/books?id=T8Askeyk1k4C}}

@book{jaynes2003probability,
	author = {Jaynes, E.T. and Jaynes, E.T.J. and Bretthorst, G.L. and Cambridge University Press},
	date-added = {2022-03-07 14:48:19 +0100},
	date-modified = {2022-03-07 14:48:19 +0100},
	isbn = {9780521592710},
	lccn = {2002071486},
	publisher = {Cambridge University Press},
	title = {Probability Theory: The Logic of Science},
	url = {https://books.google.pl/books?id=tTN4HuUNXjgC},
	year = {2003},
	bdsk-url-1 = {https://books.google.pl/books?id=tTN4HuUNXjgC}}

@book{bolstad2013introduction,
	author = {Bolstad, W.M.},
	date-added = {2022-03-07 14:48:19 +0100},
	date-modified = {2022-03-07 14:48:19 +0100},
	isbn = {9781118619216},
	publisher = {Wiley},
	title = {Introduction to Bayesian Statistics},
	url = {https://books.google.pl/books?id=1gUbs\_\_eWR8C},
	year = {2013},
	bdsk-url-1 = {https://books.google.pl/books?id=1gUbs%5C_%5C_eWR8C}}

@book{lee2012bayesian,
	author = {Lee, P.M.},
	date-added = {2022-03-07 14:48:19 +0100},
	date-modified = {2022-03-07 14:48:19 +0100},
	isbn = {9781118359778},
	lccn = {2012008714},
	publisher = {Wiley},
	title = {Bayesian Statistics: An Introduction},
	url = {https://books.google.pl/books?id=WOW0KqWQwAcC},
	year = {2012},
	bdsk-url-1 = {https://books.google.pl/books?id=WOW0KqWQwAcC}}

@book{martin2021bayesian,
	author = {Martin, O. and Kumar, R. and Lao, J.},
	date-added = {2022-03-07 14:48:19 +0100},
	date-modified = {2022-03-07 14:48:19 +0100},
	isbn = {9780367894368},
	lccn = {2021037791},
	publisher = {CRC Press},
	series = {Chapman \& Hall/CRC Texts in Statistical Science},
	title = {Bayesian Modeling and Computation in Python},
	url = {https://books.google.pl/books?id=BTOPzgEACAAJ},
	year = {2021},
	bdsk-url-1 = {https://books.google.pl/books?id=BTOPzgEACAAJ}}

@book{martin2018bayesian,
	author = {Martin, O.},
	date-added = {2022-03-07 14:48:19 +0100},
	date-modified = {2022-03-07 14:48:19 +0100},
	isbn = {9781789349665},
	publisher = {Packt Publishing},
	title = {Bayesian Analysis with Python: Introduction to statistical modeling and probabilistic programming using PyMC3 and ArviZ, 2nd Edition},
	url = {https://books.google.pl/books?id=1Z2BDwAAQBAJ},
	year = {2018},
	bdsk-url-1 = {https://books.google.pl/books?id=1Z2BDwAAQBAJ}}

@book{gelman2020regression,
	author = {Gelman, A. and Hill, J. and Vehtari, A.},
	date-added = {2022-03-07 14:48:19 +0100},
	date-modified = {2022-03-07 14:48:19 +0100},
	isbn = {9781107676510},
	publisher = {Cambridge University Press},
	series = {Analytical Methods for Social Research},
	title = {Regression and Other Stories},
	url = {https://books.google.pl/books?id=SZFKzQEACAAJ},
	year = {2020},
	bdsk-url-1 = {https://books.google.pl/books?id=SZFKzQEACAAJ}}

@book{sivia2006data,
	author = {Sivia, D. and Skilling, J.},
	date-added = {2022-03-07 14:48:19 +0100},
	date-modified = {2022-03-07 14:48:19 +0100},
	isbn = {9780198568315},
	lccn = {2006284782},
	publisher = {OUP Oxford},
	series = {Oxford science publications},
	title = {Data Analysis: A Bayesian Tutorial},
	url = {https://books.google.pl/books?id=lYMSDAAAQBAJ},
	year = {2006},
	bdsk-url-1 = {https://books.google.pl/books?id=lYMSDAAAQBAJ}}

@book{lambert2018student,
	author = {Lambert, B.},
	date-added = {2022-03-07 14:48:19 +0100},
	date-modified = {2022-03-07 14:48:19 +0100},
	isbn = {9781526418265},
	publisher = {SAGE Publications},
	title = {A Student's Guide to Bayesian Statistics},
	url = {https://books.google.pl/books?id=CLZBDwAAQBAJ},
	year = {2018},
	bdsk-url-1 = {https://books.google.pl/books?id=CLZBDwAAQBAJ}}

@book{mcelreath2020statistical,
	author = {McElreath, R.},
	date-added = {2022-03-07 14:48:19 +0100},
	date-modified = {2022-03-07 14:48:19 +0100},
	isbn = {9780367139919},
	lccn = {2019957006},
	publisher = {CRC Press},
	series = {A Chapman \& Hall book},
	title = {Statistical Rethinking: A Bayesian Course with Examples in R and Stan},
	url = {https://books.google.pl/books?id=Ie2vxQEACAAJ},
	year = {2020},
	bdsk-url-1 = {https://books.google.pl/books?id=Ie2vxQEACAAJ}}

@book{gelman2013bayesian,
	author = {Gelman, A. and Carlin, J.B. and Stern, H.S. and Dunson, D.B. and Vehtari, A. and Rubin, D.B.},
	date-added = {2022-03-07 14:48:19 +0100},
	date-modified = {2022-03-07 14:48:19 +0100},
	isbn = {9781439840955},
	lccn = {2013039507},
	publisher = {Taylor \& Francis},
	series = {Chapman \& Hall/CRC Texts in Statistical Science},
	title = {Bayesian Data Analysis, Third Edition},
	url = {https://books.google.pl/books?id=ZXL6AQAAQBAJ},
	year = {2013},
	bdsk-url-1 = {https://books.google.pl/books?id=ZXL6AQAAQBAJ}}
